% -*-bibliografia.bib-*-
% Este fichero es parte de la plantilla LaTeX para
% la realización de Proyectos Final de Carrera, protejido
% bajo los términos de la licencia GFDL.
% Para más información, la licencia completa viene incluida en el
% fichero fdl-1.3.tex

% Copyright (C) 2009 Pablo Recio Quijano 

@Book{giar98,
  author =     {Joseph Giarratano y Gary Riley},
  title =      {Sistemas expertos. Principios y programación},
  publisher =  {International Thomson},
  year =       {1998}
}

@Book{mitt04,
  author = 	 {Frank Mittelbach y Michel Goossens},
  title = 	 {The LaTeX Companion},
  publisher = 	 {Addison-Wesley},
  year = 	 {2004}
}

@Book{lutz09,
  author =       {Mark Lutz},
  title =        {Learning Python},
  publisher =    {O'Reilly},
  year =         {2009}
}

@Book{lutz06,
  author =       {Mark Lutz},
  title =        {Programming Python},
  publisher =    {O'Reilly},
  year =         {2006}
}

@Book{pilg04,
  author =       {Mark Pilgrim},
  title =        {Dive into Python},
  publisher =    {Apress},
  year =         {2004}
}

@MISC{pdf:auctex,
AUTHOR = "Joaquín Ataz López",
title = "{Creación de ficheros \LaTeX{} con GNU Emacs}",
HOWPUBLISHED = "\url{ftp://ftp.dante.de/tex-archive/info/spanish/guia-atx/guia-atx.pdf}"
}